@article{Ali2012Aspect,
  author    = {Muhammad Sarmad Ali and Muhammad Ali Babar and Lianping Chen and Klaas{-}Jan Stol},
  title     = {A systematic review of comparative evidence of aspect-oriented programming},
  journal   = {Information \& Software Technology},
  volume    = {52},
  number    = {9},
  pages     = {871--887},
  year      = {2010},
}

@inproceedings{Bhat2006TestDrivenDevelopment,
 author = {Bhat, Thirumalesh and Nagappan, Nachiappan},
 title = {Evaluating the Efficacy of Test-driven Development: Industrial Case Studies},
 booktitle = {Proceedings of the 2006 ACM/IEEE International Symposium on Empirical Software Engineering},
 year = 2006,
 location = {Rio de Janeiro, Brazil},
 pages = {356--363},
 publisher = {ACM},
 keywords = {software quality, test-driven development},
}

@article{Huang2009EmpiricalTestFirstProgramming,
 author = {Huang, Liang and Holcombe, Mike},
 title = {Empirical Investigation Towards the Effectiveness of Test First Programming},
 journal = {Information and Software Technology},
 volume = {51},
 number = {1},
 month = {January},
 year = {2009},
 pages = {182--194},
 numpages = {13},
 publisher = {Butterworth-Heinemann},
 keywords = {Agile methods, Empirical software engineering, Programming paradigms, Software engineering process,
                  Software testing, Testing strategies},
}

@Article{	  aalst2004workflow,
  author	= {Aalst, Wil M P Van Der},
  journal	= {BPTrends},
  pages		= {1--2},
  title		= {{Why workflow is NOT just a Pi-process}},
  year		= 2004
}

@InProceedings{	  anderson04heterogeneous,
  author	= {Stuart Anderson and Massimo Felici},
  title		= {Heterogeneous Modelling of Evolution for Socio-technical
		  Systems},
  booktitle	= {Supplemental Volume of the 2004 International Conference
		  on Dependable Systems and Networks, Workshop on
		  Interdisciplinary approaches to achieving and analysing
		  system dependability},
  year		= 2004,
  pages		= {210--215},
  address	= {Florence, Italy},
  month		= {June},
  keywords	= {dependability}
}

@Misc{		  bade07structures,
  author	= {David Bade},
  title		= {Structures, standards, and the people who make them
		  meaningful},
  howpublished	= {Structures and Standards for Bibliographic Data (Chicago,
		  IL)},
  month		= {May},
  year		= 2007,
  keywords	= {dependability, responsibility}
}

@InProceedings{	  baxter07evaluating,
  author	= {Gordon D. Baxter and Alan Burns and Kenneth Tan},
  title		= {Evaluating Timebands as a Tool for Structuring the Design
		  of Socio-Technical Systems},
  booktitle	= {Contemporary Ergonomics 2007},
  year		= 2007,
  editor	= {Bust, P.},
  pages		= {55--60},
  address	= {London, UK},
  organization	= {Taylor \& Francis},
  keywords	= {dependability, socio-technical systems}
}

@Book{		  beck02test,
  author	= {Kent Beck},
  title		= {Test Driven Development by Example},
  publisher	= {Addison Wesley},
  year		= 2002,
  series	= {Signature},
  month		= {November}
}

@Article{	  benington83production,
  author	= {Herbert D. Benington},
  title		= {Production of Large Computer Programs},
  journal	= {Annals of the History of Computing},
  year		= 1983,
  volume	= 5,
  pages		= {350--361},
  number	= 4,
  month		= {October},
  keywords	= {computing history}
}

@Book{		  bennett06object,
  title		= {Object Oriented Systems Analysis and Design Using {UML}},
  publisher	= {McGraw Hill},
  year		= 2006,
  author	= {Simon Bennett and Steve McRobb and Ray Farmer},
  address	= {Shoppenhangers Road, Maidenhead, Berkshire, SL6 2QL},
  edition	= {Third}
}

@TechReport{	  besnard03human,
  author	= {Dennis Besnard and Gordon Baxter},
  title		= {Human compensations for undependable systems},
  institution	= {School of Computing Science, Newcastle upon Tyne},
  year		= 2003,
  number	= {CS-TR-819},
  address	= {Claremont Tower, Claremont Road, Newcastle upon Tyne, NE1
		  7RU, UK},
  month		= {November},
  keywords	= {dependability}
}

@TechReport{	  bonen79evolutionary,
  author	= {Z. Bonen},
  title		= {Evolutionary Behavior of Complex Sociotechnical Systems},
  institution	= {Alfred P. Sloan School of Management, Massachusetts
		  Institute of Technology},
  year		= 1979,
  type		= {Working paper},
  number	= {1056-79},
  address	= {Institute of Technology, 50 Memorial Drive, Cambridge,
		  Massachusetts 02139},
  month		= {April},
  keywords	= {software engineering}
}

@InProceedings{	  bryans04towards,
  author	= {Jeremy W. Bryans and Peter Y. A. Ryan},
  title		= {Towards an inter-disciplinary dependability analysis of an
		  e-voting system},
  booktitle	= {Workshop on Interdisciplinary approaches to achieving and
		  analysing system Dependability},
  year		= 2004,
  editor	= {Michael Harrison and Lorenzo Strigini},
  month		= {June--July},
  keywords	= {electronic voting, legal issues, social issues}
}

@Booklet{	  cftc-sec10findings,
  title		= {Findings Regarding the Market Events of {May} 6, 2010.
		  Report of the Staffs of the {CFTC} and {SEC} to the Joint
		  Advisory Committee on Emerging Regulatory Issues},
  author	= {{U.S. CFTC/SEC}},
  howpublished	= {U.S. Commodity Futures Trading Commission. Three Lafayette
		  Centre, 1155 21st Street, NW Washington, D.C. 20581. U.S.
		  Securities \& Exchange Commission 100 F Street, NE
		  Washington, D.C. 20549},
  month		= {September},
  year		= 2010,
  keywords	= {software engineering}
}

@Misc{		  coles14pitest,
  author	= {Henry Coles},
  title		= {Pitest Release 1.0.0},
  howpublished	= {Available online:
		  \url{https://github.com/hcoles/pitest/releases/tag/pitest-parent-1.0.0}.},
  month		= {May},
  year		= 2014
}

@Article{	  crabtree00ethnomethodologically,
  author	= {Andy Crabtree and David M. Nichols and Jon O'Brien and
		  Mark Rouncefield and Michael B. Twidale},
  title		= {Ethnomethodologically-informed ethnography and information
		  systems design},
  journal	= {Journal of the American Society for Information Science},
  year		= 2000,
  volume	= 51,
  pages		= {666--682},
  number	= 7,
  keywords	= {software engineering}
}

@Article{	  dardenne93goal,
  author	= {Anne Dardenne and Axel van Lamsweerde and Stephen Fickas},
  title		= {Goal-directed Requirements Acquisition},
  journal	= {Science of Computer Programming},
  year		= 1993,
  volume	= 20,
  pages		= {3--50},
  keywords	= {software engineering}
}

@Article{	  demillo78hints,
  author	= {Richard A. DeMillo and Richard J. Lipton and Frederick G.
		  Sayward},
  title		= {Hints on Test Data Selection: Help for the Practicing
		  Programmer},
  journal	= {IEEE Computer},
  year		= 1978,
  volume	= 11,
  number	= 4,
  pages		= {34--41}
}

@Book{		  dewsbury07responsibility,
  title		= {Responsibility and Dependable Systems},
  publisher	= {Springer-Verlag London Ltd},
  year		= 2007,
  editor	= {Guy Dewsbury and John Dobson},
  month		= {June}
}

@Article{	  elhassan07role,
  author	= {Osama El-Hassan and Jos\'{e} Luiz Fiadeiro},
  title		= {Role-based Architectural Modelling of Socio-Technical
		  Systems},
  journal	= {Electronic Notes in Theoretical Computer Science},
  year		= 2007,
  volume	= 181,
  pages		= {5--17},
  keywords	= {software engineering}
}

@Book{		  emfmanual,
  author	= {Dave Steinberg and Frank Budinsky and Marcelo Paternostro
		  and Ed Merks},
  title		= {{EMF}: Eclipse Modeling Framework},
  publisher	= {Addison-Wesley Professional},
  year		= 2009,
  edition	= {Second}
}

@TechReport{	  filman01aspect,
  author	= {Robert E. Filman and Daniel P. Friedman},
  title		= {Aspect-Oriented Programming is Quantification and
		  Obliviousness},
  institution	= {Research Institute for Advanced Computer Science, Indianna
		  University},
  year		= 2001,
  number	= {01.12},
  address	= {Bloomington},
  month		= {October},
  note		= {Presented at the Workshop on Advanced Separation of
		  Concerns, OOPSLA 2001.},
  keywords	= {aspects}
}

@Article{	  george2004testdrivendevelopment,
  author	= {Boby George and Laurie Williams},
  title		= {A structured experiment of test-driven development},
  journal	= {Information and Software Technology},
  year		= 2004,
  volume	= 46,
  number	= 5,
  pages		= {337--342},
  month		= {April},
  keywords	= {software quality, software engineering}
}

@Article{	  herrmann1999vagueness,
  author	= {Herrmann, Thomas and Loser, Kai-Uwe},
  journal	= {Behaviour \& Information Technology},
  number	= 5,
  pages		= {313--323},
  title		= {{Vagueness in models of socio-technical systems}},
  volume	= 18,
  year		= 1999
}

@Book{		  hofstede2010yawl,
  editor	= {Arthur H. M. ter Hofstede and Wil M. P. van der Aalst and
		  Michael Adams and Nick Russell},
  title		= {Modern Business Process Automation - {YAWL} and its
		  Support Environment},
  booktitle	= {Modern Business Process Automation},
  publisher	= {Springer},
  year		= 2010
}

@Article{	  israilidis13ignorance,
  author	= {John Israilidis and Russell Lock and Louise Cooke},
  title		= {Ignorance Management},
  journal	= {Management Dynamics in the Knowledge Economy},
  year		= 2013,
  volume	= 1,
  number	= 1,
  pages		= {71--85}
}

@InProceedings{	  lock07observations,
  author	= {Russell Lock and Tim Storer and Natalie Harvey and Conrad
		  Hughes and Ian Sommerville},
  title		= {Observations of the {S}cottish Elections 2007},
  booktitle	= {eGov 2007, Third e-Government Workshop},
  year		= 2007,
  address	= {Leeds, UK},
  month		= {September},
  url		= {http://www.indeedproject.ac.uk/publications/pdfs/lock07observations.pdf}
}

@InProceedings{	  lock09modelling,
  author	= {Russell Lock and Tim Storer and Ian Sommerville},
  title		= {Responsibility Modelling for Risk Analysis},
  booktitle	= {Proceedings of European SREL (ESREL) 2009},
  pages		= {1103--1109},
  year		= 2009,
  address	= {Prague, Czech Republic},
  month		= {September}
}

@Article{	  lyytinen2008explaining,
  author	= {Kalle Lyytinen and Mike Newman},
  title		= {Explaining information systems change: a punctuated
		  socio-technical change model},
  journal	= {European Journal of Information Systems},
  volume	= 17,
  number	= 6,
  pages		= {589--613},
  year		= 2008
}

@Misc{		  mutpy26,
  author	= {Konrad Hałas},
  title		= {MutPy 0.4.0 : Python Package Index},
  howpublished	= {\url{https://pypi.python.org/pypi/MutPy}},
  note		= {(Accessed on 03/25/2016)},
  year		= {2016}
}

@Article{	  naylor67verification,
  author	= {Thomas Naylor and J.M. Finger},
  title		= {Verification of Computer Simulation Models},
  journal	= {Management Science},
  year		= 1967,
  volume	= 14,
  number	= 2,
  month		= {October},
  keywords	= {Scientific Programming}
}

@Book{		  obashimethodology,
  author	= {Paul Wallis and Fergus Cloughley},
  title		= {The OBASHI Methodology},
  publisher	= {The Stationery Office},
  year		= {2010}
}

@Manual{	  omg07omguml,
  title		= {{OMG} Unified Modeling Language ({OMG UML})
		  Superstructure},
  author	= {{OMG}},
  organization	= {Object Management Group},
  edition	= {V2.1.2},
  month		= {November},
  year		= 2007,
  keywords	= {software engineering}
}

@Manual{	  omg2011omgbpmn,
  title		= {{OMG} Business Process Model and Notation ({OMG UML})
		  Superstructure},
  author	= {{OMG}},
  organization	= {Object Management Group},
  edition	= {2.0},
  month		= {January},
  year		= 2011,
  keywords	= {software engineering}
}

@Article{	  pentland05organisational,
  author	= {Brian T. Pentland and Martha S. Feldman},
  title		= {Organizational routines as a unit of analysis},
  journal	= {Industrial and Corporate Change},
  year		= 2005,
  volume	= 14,
  pages		= {793--815},
  number	= 5,
  month		= {August},
  keywords	= {dependability, socio-technical systems}
}

@Misc{		  pymuttester,
  author	= {Michael Teo},
  title		= {PyMuTester Documentation},
  howpublished	= {\url{https://miketeo.net/wp/index.php/projects/python-mutant-testing-pymutester}},
  note		= {(Accessed on 03/23/2016)},
  year		= {2016}
}

@InProceedings{	  robinson96limited,
  author	= {Bruce Robinson},
  title		= {Limited horizons, limited influence: Information
		  technology the London Ambulance Service},
  booktitle	= {Proceedings of the International Symposium on Technology
		  and Society Technical Expertise and Public Decisions},
  year		= 1996,
  pages		= {506--514},
  month		= {June},
  publisher	= {IEEE Computer Society Press},
  keywords	= {software engineering}
}

@Article{	  shull11assuring,
  author	= {Forrest Shull},
  title		= {Assuring the Future? A Look at Validating Climate Model
		  Software },
  journal	= {IEEE Software},
  year		= 2011,
  volume	= 28,
  pages		= {4--8},
  number	= 5,
  month		= {September/October},
  keywords	= {scientific programming, software engineering}
}

@Unpublished{	  sommerville08socio,
  author	= {Ian Sommerville and John Dobson},
  title		= {Socio-technical systems engineering},
  note		= {draft},
  month		= {August},
  year		= 2008,
  keywords	= {software engineering}
}

@InProceedings{	  sommerville09deriving,
  author	= {Ian Sommerville and Russell Lock and Tim Storer and John
		  Dobson},
  title		= {Deriving Information Requirements from Responsibility
		  Models},
  booktitle	= {Advanced Information Systems Engineering, 21st
		  International Conference, CAiSE 2009},
  pages		= {515--529},
  year		= 2009,
  editor	= {Pascal Van Eck and Jaap Gordijn and Roel Wieringa},
  volume	= 5565,
  series	= {Lecture Notes in Computer Science},
  address	= {Amsterdam, Netherlands},
  month		= {June},
  publisher	= {Springer Verlag},
  url		= {http://www.dcs.gla.ac.uk/~tws/research/papers/sommerville08deriving-r1447.pdf}
}

@Article{	  sommerville09responsibility,
  author	= {Ian Sommerville and Tim Storer and Russell Lock},
  title		= {Responsibility Modelling for Civil Emergency Planning},
  journal	= {Risk Management},
  year		= 2009,
  volume	= 11,
  number	= {3-4},
  pages		= {179--207}
}

@Book{		  susman1976autonomy,
  author	= {Susman, Gerald I.},
  publisher	= {Praeger},
  title		= {{Autonomy at Work: A Sociotechnical Analysis of
		  Participative Management}},
  year		= 1976
}

@Book{		  takanen08fuzzing,
  author	= {Ari Takanen and Jared D. DeMott and Charles Mille},
  title		= {Fuzzing for Software Security Testing and Quality
		  Assurance},
  publisher	= {Artech House},
  year		= 2008,
  series	= {Information Security and Privacy Series},
  address	= {658 Canton St. Norwood, MA 02062}
}

@Article{	  vespignani11model,
  author	= {Alessandro Vespignani},
  title		= {Modelling dynamical processes in complex socio-technical
		  systems},
  journal	= {Nature Physics},
  year		= 2011,
  volume	= 8,
  number	= 1,
  pages		= {32--39},
  month		= {January}
}

@Article{	  voinov13integronsters,
  author	= {Alexey Voinov and Herman H. Shugart},
  title		= {'Integronsters', integral and integrated modeling},
  journal	= {Environmental Modelling and Software},
  volume	= {39},
  pages		= {149--158},
  year		= {2013},
  keywords	= {Scientific Programming}
}

@InProceedings{	  werneck2009goreistarkaos,
  author	= {Vera Maria Benjamim Werneck and Antonio de P{\'{a}}dua
		  Albuquerque Oliveira and Julio Cesar Sampaio do Prado
		  Leite},
  title		= {Comparing {GORE} Frameworks: i-star and {KAOS}},
  booktitle	= {Anais do {WER09} - Workshop em Engenharia de Requisitos,
		  Valpara{\'{\i}}so, Chile, Julho 16-17, 2009},
  year		= 2009,
  editor	= {Claudia P. Ayala and Carla T. L. L. Silva and Hern{\'{a}}n
		  Astudillo}
}

@Article{	  weyuker82testing,
  author	= {Elaine J. Weyuker},
  title		= {On Testing Non-testable Programs},
  journal	= {The Computer Journal},
  year		= 1982,
  volume	= 25,
  number	= 4,
  pages		= {465--470}
}

@Article{	  white2004bpmn,
  author	= {White, Stephen A},
  institution	= {IBM Corporation},
  journal	= {Business Process Trends},
  number	= {July},
  title		= {{Introduction to BPMN}},
  year		= 2004
}

@PhDThesis{	  yu1995social,
  author	= {Yu, Eric},
  booktitle	= {Social Modeling for Requirements Engineering},
  school	= {University of Toronto},
  title		= {{Modelling strategic relationships for process
		  reengineering}},
  year		= 1995
}

@InProceedings{config_fuzzing,
  title={Configuration fuzzing for software vulnerability detection},
  author={Dai, Huning and Murphy, Christian and Kaiser, Gail},
  booktitle={Availability, Reliability, and Security, 2010. ARES'10 International Conference on},
  pages={525--530},
  year={2010},
  organization={IEEE}
}