@Misc{		  storer2016theatre-ag-scm,
  author	= {Tim Storer},
  title		= {Theatre\_Ag GitHub Repository},
  howpublished	= {\url{http://www.github.com/twsswt/theatre_ag}},
  month		= {April},
  year		= 2017
}

@Misc{		  storer2016pydysofu-scm,
  author	= {Tom Wallis and Tim Storer},
  title		= {PyDySoFu GitHub Repository},
  howpublished	= {\url{http://www.github.com/twsswt/pydysofu}},
  month		= {April},
  year		= 2017
}

@Misc{		  wallis2016fuzzi-moss-scm,
  author	= {Tom Wallis and Tim Storer},
  title		= {Fuzzi\_Moss GitHub Repository},
  howpublished	= {\url{http://www.github.com/twsswt/fuzzi-moss}},
  month		= {April},
  year		= 2017
}

@Misc{		  storer2016softdev-workflow-scm,
  author	= {Tim Storer},
  title		= {Software Development Workflow GitHub Repository},
  howpublished	= {\url{http://www.github.com/twsswt/softdev-workflow}},
  month		= {April},
  year		= 2017
}